@article{ConvOfLegendre,
   author = {Wang, Haiyong and Xiang, Shuhuang},
   title = {On the convergence rates of Legendre approximation},
   journal = {Mathematics of Computation},
   volume = {81},
   number = {278},
   pages = {861-877},
   ISSN = {0025-5718},
   year = {2012},
   type = {Journal Article}
}

@article{Koornwinder,
   author = {Koornwinder, Tom H.},
   title = {Orthogonal polynomials with weight function $(1-x)^\alpha (1+x)^\beta + {M}\delta(x+1) +{N} \delta (x-1)$},
   journal = {Canadian mathematical bulletin},
   volume = {27},
   number = {2},
   pages = {205-214},
   ISSN = {0008-4395},
   year = {1984},
   type = {Journal Article}
}

@article{CGLW16,
   author = {Chekroun, Micka\"el D. and Ghil, Michael and Liu, Honghu and Wang, Shouhong},
   title = {Low-Dimensional Galerkin Approximations of Nonlinear Delay Differential Equations},
   journal = {Discrete and Continuous Dynamical Systems},
   volume = {36},
   number = {8},
   pages = {4133-4177},
   year = {2016},
   type = {Journal Article}
}

@book{Rainville,
   author = {Rainville, Earl D.},
   title = {Special functions},
   publisher = {Macmillan},
   address = {New York},
   year = {1971},
   type = {Book}
}